2510 3271
1244 247 1309 310 19

328 410 627 467 praepositam
656 407 876 452 iudicatur
910 409 1023 465 (vid.
1054 422 1150 466 eap.
1190 408 1224 453 l.
1253 411 1291 467 §-
1316 411 1429 467 10.),
1459 410 1546 454 iam
1571 407 1847 467 frequentior
1882 416 1953 453 est
1986 408 2214 469 aliquanto

330 486 461 532 quam
488 475 536 519 in
563 475 752 531 simplici
780 477 1128 531 reciprocatione
1154 476 1421 532 simplicium
1446 476 1756 532 pronominum
1783 487 1911 519 usus.

775 578 826 631 a)
870 574 958 619 Per
992 575 1310 632 genitivum
1345 576 1763 634 possessivum.

460 653 527 698 14.
555 653 706 711 Atque
732 653 923 709 primum
949 667 1029 709 pro
1056 655 1339 711 possessoris
1373 654 1699 712 signifieatione
1731 651 1973 707 reflexiva,
2009 668 2127 712 quae
2164 656 2210 700 in

323 719 539 776 singulari
566 732 647 776 per
672 720 915 775 genitivum
942 720 994 765 fit
1022 720 1240 777 ἐμαυτοῦ,
1267 723 1461 774 σαυτοῦ,
1489 722 1537 766 in
1562 719 1727 778 plurali
1752 733 1834 777 per
1859 720 2078 766 adieetiva
2105 722 2209 766 sub-

322 787 472 830 iuneto
499 785 698 842 genitivo
727 782 880 830 αὐτῶν
887 817 906 839 ,
943 782 1148 846 ἢμέτερος
1182 783 1361 841 atini-72³,
1395 782 1601 846 ὖμέτερος
1628 782 1805 839 αῧτῶν,
1831 788 1966 831 etiam
1994 787 2079 831 bae
2103 789 2209 832 sim-

321 852 505 908 plicium
531 854 843 909 pronominum
870 852 1039 898 formae
1064 854 1356 899 adhibentur:

456 920 505 974 1)
532 918 840 964 encliticae
866 934 970 975 μου,
999 933 1101 973 σου,
1128 914 1269 977 ἥμόν,
1296 914 1440 978 ὑμῶν,
1467 935 1648 978 perraro
1686 921 1864 978 quidem
1896 934 1927 965 a
1952 922 2205 966 veteribus:

318 985 548 1040 Aristoph.
580 985 697 1029 Plnt.
724 987 799 1031 55.
837 983 1091 1042 πυθοίμεθ’
1132 983 1193 1030 ἂν
1226 987 1310 1031 τόν
1343 986 1541 1046 χρησμόν
1576 981 1717 1043 ἧμῶν.
1778 988 1839 1031 ld.
1866 986 1981 1044 Eqn.
2007 989 2108 1043 522.
2138 984 2208 1031 εὗ-

319 1051 506 1107 λογῆσαι
539 1049 827 1109 βουλόμεσθα
860 1050 965 1103 τοῦς
999 1054 1197 1111 πατέρας
1232 1047 1370 1110 ’‘1⁹5²’-
1429 1053 1609 1111 Antiph.
1640 1054 1672 1096 1.
1709 1053 1748 1111 §-
1777 1053 1847 1098 23.
1886 1050 1969 1108 ἐγώ
2005 1048 2052 1097 d'
2091 1047 2207 1110 ὑμᾶς

318 1111 431 1175 ὑπὲρ
467 1119 552 1162 τοῦ
586 1115 757 1177 πατρός
792 1133 880 1175 μου
916 1121 1164 1169 τεθνεῶτος
1199 1120 1429 1176 αἰτοῦμαι.
1493 1121 1791 1179 Frequentius
1827 1120 2055 1179 aliquanto
2082 1134 2112 1164 a
2136 1134 2206 1165 re-

316 1185 612 1239 centioribus,
649 1192 699 1229 ut
735 1185 919 1231 Lucian.
956 1185 1142 1232 Demon.
1170 1187 1243 1233 58.
1281 1185 1386 1237 τοῦς
1420 1186 1669 1247 προγόνους
1704 1179 1843 1243 ἡμῶν.
1898 1187 1963 1232 ld.
1992 1186 2103 1241 Tox.
2129 1187 2202 1233 4⁹.

314 1248 395 1303 τὴν
422 1247 579 1310 ἑτέραν
605 1265 687 1296 σου
715 1254 957 1310 θυγατέρα.
1014 1252 1076 1298 lb.
1103 1254 1175 1299 45.
1203 1251 1280 1304 δός
1305 1269 1384 1310 μοι
1409 1252 1492 1310 τῆν
1519 1255 1744 1310 θυγατέρα
1772 1266 1870 1298 σου.
1926 1253 2124 1311 Appiam,
2144 1255 2202 1301 de

313 1317 407 1361 reb.
446 1317 558 1363 Pun.
586 1320 657 1364 85.
694 1317 777 1375 τῆν
813 1315 1012 1363 εὔκλειαν
1048 1314 1188 1376 ὖμῶν.
1244 1319 1436 1376 Dionys.
1466 1320 1571 1364 Ant.
1600 1320 1655 1364 R.
1692 1319 1771 1373 lv,
1797 1319 1870 1364 39.
1907 1318 1989 1363 τὸν
2024 1322 2201 1376 πατῷα

314 1394 413 1426 σου.
473 1383 587 1428 Plnt.
611 1399 756 1440 praee.
786 1385 908 1441 polit.
938 1385 990 1429 Τ.
1020 1385 1077 1429 V.
1106 1399 1148 1440 p.
1175 1386 1248 1430 96.
1287 1385 1485 1429 Tauehn.
1522 1387 1586 1442 τῷ
1623 1385 1738 1441 φίλῳ
1775 1400 1862 1439 μου
1898 1382 2199 1442 χαριζόμενος.

313 1449 462 1506 Atque
491 1449 749 1494 Hellenistis
787 1451 965 1509 quidem
1000 1450 1087 1495 hoe
1122 1451 1298 1496 dicendi
1331 1463 1475 1507 genus
1509 1450 1556 1494 in
1584 1451 1948 1495 consuetudinem
1976 1453 2114 1497 venit.
2142 1476 2198 1485 -

314 1516 520 1560 Ceterum
548 1526 599 1560 nt
626 1531 777 1561 rarum
806 1529 918 1569 σου,
953 1518 1017 1561 ita
1044 1519 1184 1561 σέθεν
1218 1517 1558 1562 usitatissimum
1593 1524 1665 1561 est
1692 1518 1875 1573 tragicis
1901 1530 1982 1575 pro
2011 1520 2200 1571 σαυτοῦ,

309 1583 524 1641 imprimis
551 1583 772 1639 Euripidi,
799 1590 852 1626 nt
877 1583 998 1627 Med.
1025 1583 1098 1628 65.
1125 1581 1185 1640 μῆ
1222 1578 1386 1641 κρύπτε
1412 1579 1662 1627 σύνδουλον
1690 1585 1841 1628 σέθεν.
1898 1584 2068 1630 Aleest.
2095 1585 2195 1632 388.

309 1648 367 1707 m}
396 1650 527 1712 λίπῃς
553 1651 721 1700 παῖδας
749 1652 901 1695 σέθεν.
929 1649 990 1694 ib.
1019 1649 1119 1695 6⁷6.
1148 1644 1457 1708 ἂργυροῗνητον
1483 1651 1634 1694 σέθεν.

441 1718 492 1772 2)
523 1717 912 1762 disiunctivae
948 1712 1077 1773 ἐμός,
1121 1712 1226 1769 σός,
1266 1709 1496 1774 ἧμέτερος,
1537 1709 1741 1774 ὑμέτερος
1776 1716 2111 1776 frequentantur
2144 1720 2192 1764 in

308 1784 585 1841 oppositione
612 1797 899 1841 personarum
926 1791 1017 1828 tam
1043 1783 1179 1828 tacita
1204 1796 1338 1841 quam
1366 1796 1594 1840 expressa.

441 1851 491 1907 3)
521 1851 903 1895 distinctivae
938 1851 986 1893 iu
1022 1849 1239 1906 singulari
1274 1847 1378 1905 ἐμὸς
1418 1845 1587 1902 αὗτοῦ,
1631 1849 1710 1900 σὸς
1752 1846 1919 1902 αὖτοῦ,
1959 1859 2191 1908 poetarum

305 1918 509 1974 propriae
537 1923 665 1960 sunt:
725 1917 852 1961 Hom.
892 1916 1004 1959 iliad
1041 1916 1080 1967 ζ,
1116 1916 1216 1959 446.
1257 1916 1356 1959 490.
1417 1916 1582 1972 Odyss.
1617 1919 1657 1968 ξ,
1698 1917 1791 1961 185.
1820 1931 1864 1968 χ,
1890 1918 1990 1962 218.
2047 1917 2188 1975 Soph.

305 1982 468 2027 Electr.
496 1983 595 2026 252.
655 1982 766 2026 Oed.
795 1982 850 2027 R.
882 1977 1006 2027 1248.
1064 1980 1291 2036 Aristoph.
1323 1980 1440 2026 Plut.
1467 1982 1539 2027 33.
1593 1982 1644 2026 ln
1668 1982 1832 2040 plurali
1869 1978 1994 2040 ἡμῶν
2021 1979 2189 2037 αὗτόν,

303 2044 430 2106 ὑμῶν
466 2045 618 2093 αὗτῶν
644 2048 900 2093 rarissimae
927 2048 1179 2093 veteribus:
1208 2047 1409 2105 Thucyd.
1437 2048 1494 2101 11,
1523 2049 1593 2094 11.
1623 2048 1795 2093 δίκαιον
1823 2044 1906 2094 οὖν
1942 2043 2055 2105 ἡμᾶς
2078 2047 2188 2106 μήτε

302 2117 393 2159 τῶν
421 2117 628 2172 πατέρων
655 2117 826 2172 χείρους
863 2116 1114 2171 φαίνεσθαι
1141 2111 1249 2171 μήτε
1276 2108 1401 2171 ἡμῶν
1426 2110 1578 2159 αὗτῶν
1612 2115 1690 2171 τῆς
1717 2113 1845 2172 δόξης
1872 2114 2183 2173 ἐνδεεστέρους.

302 2184 416 2228 Xen.
446 2182 610 2239 Cyrop.
641 2182 718 2235 Vl,
754 2181 799 2236 3,
836 2181 905 2226 21.
942 2179 1257 2240 ἐπισκέψασθε
1298 2186 1372 2225 καὶ
1413 2179 1474 2225 τὰ
1514 2183 1607 2225 τῶν
1646 2182 1805 2225 ἵππων
1845 2181 1919 2226 καὶ
1958 2180 2017 2225 τὰ
2056 2176 2184 2237 ὖμοῖν

299 2245 451 2295 abrai»
478 2247 613 2294 ὅπλα.

434 2316 641 2361 Ceterum
678 2315 960 2360 conserantur
997 2328 1113 2373 quae
1150 2314 1206 2358 de
1234 2314 1428 2359 diversis
1454 2315 1810 2372 possessivorum
1835 2314 1993 2359 formis
2029 2315 2077 2359 in
2105 2317 2181 2360 ob-

298 2396 415 2428 serv.
443 2397 539 2441 cap.
570 2383 648 2429 lv.
676 2383 882 2440 exposita
908 2389 1028 2427 sunt.

890 2461 944 2517 b)
973 2460 1061 2503 Per
1086 2460 1581 2517 praepositionem.

433 2539 501 2583 15.
530 2538 707 2583 Deinde
742 2539 818 2583 nbi
853 2539 901 2582 in
937 2538 1262 2595 praepositione
1298 2537 1543 2594 pronomini
1579 2549 1679 2580 eum
1708 2536 1897 2581 articulo
1924 2539 2178 2595 praeposita

294 2606 405 2650 latet
430 2618 486 2649 ea
511 2607 649 2659 aetio,
679 2619 762 2661 per
788 2618 921 2663 quam
949 2604 1001 2649 fit
1026 2604 1302 2657 recensitio,
1332 2603 1390 2647 ob
1417 2603 1681 2647 dissolutius
1709 2604 2053 2649 constructionis
2081 2606 2177 2649 vin-

296 2673 445 2717 culum
472 2685 647 2729 aeque
674 2671 947 2729 frequens
973 2679 1046 2716 est
1072 2669 1337 2726 simplicium
1356 2675 1491 2728 atque
1509 2670 1851 2727 compositorum
1868 2672 2176 2728 pronominum

294 2751 421 2782 usus.
477 2737 862 2794 Simplicium,
889 2744 941 2781 nt
967 2738 1082 2782 Xen.
1113 2737 1278 2793 Cyrop.
1306 2735 1357 2790 ll,
1384 2737 1430 2790 ⁴,
1463 2738 1529 2781 16.
1558 2735 1643 2780 σῦν
1678 2739 1799 2780 πᾶσι
1823 2741 1921 2788 τοῖς
1944 2732 2034 2793 μετ’
2064 2735 2175 2792 ἐμοῦ

296 2805 491 2861 Πέρσαις
514 2799 739 2861 τεθήρακα
765 2797 883 2861 ἀμφὶ
909 2802 969 2846 τὰ
995 2801 1110 2861 ὅρια.
1157 2803 1220 2847 lb.
1253 2803 1320 2849 18.
1347 2799 1596 2861 παρακάλει
1621 2801 1839 2914 ronige-tir
1864 2805 1953 2847 σοί.
2008 2802 2074 2848 lb.
2100 2804 2172 2849 22.
