2510 3271
1153 265 1222 321 45

247 426 423 480 γμένοις
460 429 506 467 et
543 417 802 481 ἀπολογία).
859 421 1059 468 Aeschin
1091 423 1149 468 de
1175 422 1208 467 f.
1241 422 1324 479 leg.
1366 426 1401 476 §-
1441 422 1540 467 155.
1578 416 1847 479 ἀπεκρίνατο
1884 420 1955 467 ὅτι
1982 449 2036 458 -
2064 422 2141 483 τῆς

248 487 479 549 παρούσης
516 483 710 548 ἀπορίας
747 486 892 548 ἑαυτῷ
931 489 1021 546 (al.
1060 485 1182 548 αὗτῷ
1223 485 1446 547 ἀπορίας)
1490 484 1543 533 οὗ
1584 490 1725 539 κακῶς
1767 513 1823 522 -
1865 490 2140 545 στοχᾶζοηο.

192 582 200 588 -
247 558 416 602 Eodem
457 557 589 601 modo
626 557 761 600 etiam
796 558 916 615 σφᾶς
952 552 1117 608 αῧτοῦς
1157 571 1238 614 pro
1274 558 1465 614 simplici
1509 558 1629 615 σφᾶς
1670 558 1743 603 vel
1786 552 1955 609 αὗτοῦς
1995 562 2067 605 bis
2111 577 2141 605 a

247 624 539 681 Xenophonte
567 624 810 668 adhibitum
837 630 930 667 est:
959 624 1074 668 Heli.
1105 625 1164 679 V,
1193 627 1237 678 2,
1266 626 1308 670 8.
1347 624 1582 668 ἐδίδασκον
1595 655 1613 675 ,
1653 618 1737 675 ὧς,
1774 625 1856 675 ἕως
1890 628 1975 681 μὲν
2013 633 2140 683 σφεῖς

248 692 363 735 οἴκοι
390 685 524 747 ἦσαν,
553 690 726 742 ἐδέχετο
755 683 782 746 ἦ
820 686 951 739 πόλις
985 689 1093 741 τοῦς
1128 692 1509 747 Λακεδαιμονίους
1546 691 1609 739 εἰς
1645 690 1699 734 τὸ
1738 696 1882 743 τεῖχος
1888 723 1905 743 ,
1944 716 1998 724 --
2038 692 2140 736 ἐπεὶ

247 759 297 801 δὲ
325 759 445 815 σφᾶς
471 751 635 806 αὐτοῦς
661 755 863 813 ἐξέβαλον
871 788 890 809 ,
929 750 988 807 ὦς
1014 758 1211 802 ἕπεσθαι
1236 761 1319 814 μὲν
1354 754 1552 813 οὐδαμοῦ
1583 757 1787 801 ἐθέλοιεν
1819 774 1857 802 κ.
1891 775 1930 800 τ.
1969 761 2008 803 λ.
2076 760 2138 803 lb.

246 824 364 878 vlu,
392 824 435 877 5,
465 824 509 868 4.
538 823 707 872 Φωκεῖς
732 824 889 878 μέντοι
917 819 999 867 οὔκ
1025 819 1327 881 ἧκολούθουν,
1361 825 1586 879 λέγοντες,
1625 822 1696 868 ὅτι
1725 825 1951 881 συνθῆκαι
1980 829 2138 882 σφίσιν

248 887 402 940 αὗτοῖς
430 890 535 934 εἷεν.
594 890 720 946 (vid.
750 891 847 934 obs.
877 904 921 946 p.
951 891 1009 936 3⁰
1045 892 1137 948 sq.)
1204 892 1354 948 ltaque
1391 892 1432 935 si
1469 898 1514 935 et
1549 905 1653 934 rara
1689 898 1761 935 est
1798 892 1846 935 in
1884 891 2138 936 huiusmodi

245 957 460 1013 exemplis
486 956 721 1013 trisyllaba
747 958 1021 1013 pronominis
1047 957 1190 1001 forma
1207 965 1253 1001 et
1278 958 1501 1013 bisyllaba
1518 957 1893 1015 frequentissime,
1922 965 1973 1001 nt
2000 971 2139 1014 snpra

245 1024 457 1077 vidimus,
486 1029 663 1067 tenuem
692 1023 976 1080 subsequitur
998 1024 1187 1078 literam,
1217 1025 1349 1067 etiam
1377 1031 1469 1068 tum
1486 1054 1500 1077 ,
1530 1024 1607 1068 ubi
1635 1037 1727 1067 non
1755 1025 1980 1080 praecedit
2006 1024 2133 1068 litera

248 1090 410 1143 tennis,
439 1089 710 1145 bisyllabum
737 1103 981 1146 pronomen
1007 1090 1139 1145 longe
1165 1091 1454 1134 verisimilius
1483 1097 1553 1133 est
1579 1103 1679 1133 cum
1707 1090 1867 1145 spiritu
1894 1089 1984 1133 leni
2003 1104 2136 1147 qnam

249 1170 350 1199 cum
378 1168 538 1211 aspero
565 1155 612 1198 in
630 1154 717 1199 hoc
741 1156 952 1199 enclitico
981 1156 1157 1199 dicendi
1175 1169 1338 1213 genere
1357 1171 1384 1200 a
1404 1156 1591 1199 Graecis
1618 1150 1953 1210 pronunciatum
1973 1155 2134 1200 fuisse.

247 1223 398 1283 Quare
425 1222 545 1274 vide,
575 1234 632 1264 ne
659 1221 764 1277 plus
792 1223 912 1265 iusto
940 1222 1179 1277 aspirando
1207 1223 1457 1278 pronomini
1494 1223 1540 1264 in
1568 1220 1655 1264 hoc
1681 1234 1843 1277 genere
1871 1221 2136 1266 indulserint

247 1289 512 1344 scriptorum
542 1288 736 1331 editores
766 1302 901 1344 quum
928 1288 1005 1331 alii
1042 1296 1135 1331 tum
1174 1289 1388 1345 imprimis
1426 1289 1674 1332 Bekkerus.
1743 1289 1821 1332 Sic
1857 1289 1976 1346 apud
2003 1289 2132 1333 Dem.

247 1356 350 1399 εὰν.
380 1355 545 1399 Lacrit.
574 1354 614 1412 §.
643 1355 713 1399 36.
745 1350 1012 1413 ἀπεκρίνατο
1050 1352 1269 1412 Λάκριτος
1295 1350 1475 1407 οὖτοσί,
1504 1353 1575 1398 ὅτι
1604 1379 1658 1386 -
1687 1356 1823 1397 τοῦτο
1858 1354 1911 1398 τὸ
1949 1360 2135 1412 χρυσίον

246 1419 507 1471 δεδανεικὼς
545 1422 611 1477 εἴη
652 1415 677 1463 ὃ
716 1416 907 1479 ἆδελφός
943 1415 1084 1464 αὖτοῧ
1123 1420 1173 1465 ἐν
1207 1423 1270 1480 τῷ
1307 1420 1496 1479 Πόντῳ,
1533 1428 1577 1464 et
1614 1421 1716 1465 adv.
1755 1421 1939 1465 Maean-t.
1981 1422 2019 1479 §
2063 1422 2135 1467 33.

246 1487 433 1532 ἐπειδὰν
461 1482 546 1531 οὖν
583 1488 681 1549 λέγῃ
722 1484 1048 1546 Μακάρτατος,
1087 1485 1157 1531 ὅτι
1196 1487 1394 1543 ἐνίκησεν
1432 1481 1457 1530 ὅ
1495 1486 1641 1544 πατὴρ
1682 1482 1823 1530 αὖτοῦ
1865 1485 2137 1544 Θεόπομπος

243 1556 327 1598 τοῦ
357 1550 512 1611 κλήρου
541 1549 722 1606 τούτου,
750 1561 795 1598 et
822 1551 869 1597 in
899 1553 1073 1610 Olymp.
1104 1554 1140 1610 5.
1170 1554 1213 1597 6.
1249 1551 1381 1607 λόγον
1415 1568 1493 1608 μοι
1529 1555 1741 1610 προφέρει
1769 1548 2136 1611 Ὀλυμπιόδωρος

245 1616 417 1671 οὗτοσί,
447 1617 517 1663 ὅτι
543 1623 618 1662 καὶ
646 1614 671 1675 ἢ
700 1616 837 1676 μήτηρ
866 1614 1008 1663 atico&
1036 1615 1314 1676 προςῆκουσα
1344 1619 1410 1674 εἴη
1438 1620 1501 1676 τῷ
1521 1615 1718 1670 Κόνωνι,
1746 1626 1791 1662 et
1818 1621 1921 1662 adv.
1940 1620 2132 1664 Nicostr.

244 1688 280 1744 §.
311 1689 350 1730 7.
383 1681 555 1747 ἐπῄνει,
585 1682 655 1728 ὅτι
685 1687 913 1743 παρέσχον
939 1683 999 1728 τᾶ
1026 1682 1188 1743 ἐφόδια
1214 1688 1277 1744 τῷ
1306 1682 1483 1741 ἀδελφῷ
1512 1679 1679 1736 αὑτοῦ,
1714 1687 1900 1740 spiritus
1936 1700 2071 1741 asper
2104 1701 2132 1729 a

246 1753 456 1797 Bekkero
485 1752 731 1807 pronomini
758 1752 936 1795 additus
964 1751 1089 1795 nullo
1117 1752 1249 1796 modo
1277 1753 1453 1795 videtur
1479 1751 1584 1794 ferri
1613 1765 1762 1807 posse,
1792 1766 1927 1807 quum
1955 1759 2001 1795 et
2033 1754 2134 1808 ipsa

245 1818 520 1876 pronominis
549 1817 781 1862 collocatio
808 1817 1011 1862 inclinari
1030 1825 1257 1862 accentum
1279 1818 1489 1875 postulet,
1517 1825 1562 1861 et
1579 1817 1842 1862 reflexivum
1860 1818 1908 1862 iu
1934 1819 2131 1875 genitivo

245 1886 510 1942 possessivo
538 1899 568 1928 a
594 1884 894 1928 Demosthene
920 1885 1108 1929 articulo
1136 1885 1346 1939 subiungi
1384 1882 1527 1928 soleat
1554 1886 1773 1941 (exceptis
1801 1886 1981 1928 duobus·
2002 1886 2130 1939 locis,

243 1954 346 1998 adv.
379 1952 533 1997 Boeot.
574 1951 629 1995 de
665 1951 754 1996 dot.
792 1958 911 1995 mat.·
933 1951 973 2009 §.
1011 1951 1079 1996 32.
1112 1957 1156 1994 et
1184 1951 1285 1995 adv.
1317 1950 1470 2007 Steph.
1503 1951 1533 1993 Ι.
1565 1952 1601 2007 §.
1630 1952 1716 2005 55„
1746 1963 1934 2009 quorum
1967 1953 2133 1997 altere

245 2021 497 2065 testimonio
539 2019 646 2075 est.)
711 2018 860 2071 Atque
895 2019 962 2062 sic
997 2019 1096 2074 ipse
1134 2018 1371 2061 Bekkerus
1408 2018 1514 2061 alibi
1550 2020 1596 2061 in
1633 2018 1765 2061 simili
1804 2022 2133 2065 constructione

245 2085 386 2133 αὐτοῦ
416 2087 620 2143 scripsitt
657 2085 785 2129 Dem.
825 2086 881 2130 de
920 2085 952 2130 f.
994 2084 1080 2141 leg.
1117 2084 1157 2142 §.
1200 2086 1298 2130 249.
1337 2080 1418 2128 οὔκ
1454 2081 1784 2141 ἀναμνησθείς,
1822 2082 1892 2129 ὅτι
1928 2081 1954 2142 ἦ
1995 2085 2130 2145 μήτηρ

247 2152 390 2199 αὐτοῦ
421 2180 470 2187 -—
503 2153 719 2212 ἐξέθρεψε
742 2150 985 2201 τοσούτους
1010 2155 1235 2196 τουτουσί.
1292 2152 1445 2196 Eiusd.
1475 2153 1575 2196 adv.
1607 2152 1803 2196 Macart.'
1819 2152 1861 2210 §.
1889 2153 1960 2197 60.
1989 2152 2130 2198 ἐκεῖνο

246 2218 377 2265 δὀῧκ
395 2220 680 2276 ἐνθυμεῖται,
709 2215 781 2262 ὅτι
819 2214 843 2261 ὅ
871 2217 1017 2275 πατὴρ
1054 2213 1196 2262 atico&
1233 2214 1475 2275 ἅνθρωπος
1512 2213 1568 2274 ἦν
1603 2215 1783 2275 θνητός.
1850 2218 1911 2262 lb.
1946 2219 2018 2263 83.
2049 2218 2132 2263 ἱκε-

248 2285 392 2332 τεύειν
419 2283 583 2336 αὗτούς
598 2317 615 2337 ,
645 2283 768 2335 ὅπως
802 2283 860 2340 μῆ
899 2281 1278 2342 ἐξερημωθήσεται
1314 2280 1469 2328 αὗτῶν
1506 2280 1529 2328 ὃ
1569 2286 1699 2333 οἶκος.
1757 2284 1934 2340 Antiph.
1962 2284 1994 2329 l.
2024 2289 2058 2339 §.
2087 2287 2133 2330 6.

247 2350 299 2397 οὗ
337 2352 471 2399 τοῦτό
508 2351 543 2409 γ’
576 2353 687 2411 ἐρεῖ,
726 2346 784 2402 ὧς
820 2345 871 2395 εὖ
907 2351 1054 2402 οἶδεν,
1097 2349 1167 2395 ὅτι
1203 2346 1282 2395 οὔκ
1319 2346 1578 2395 ἀπέκτεινεν
1618 2344 1644 2405 ἦ
1686 2347 1823 2406 μήτηρ
1866 2345 2010 2395 αῧτοῦ
2053 2352 2132 2394 τὸν

246 2423 420 2478 πατέρα
447 2420 528 2465 τὸν
562 2415 784 2478 ἡμέτερον.

830 2531 884 2589 1))
924 2530 982 2577 In
1008 2531 1271 2582 oratione
1308 2531 1541 2575 directa.

384 2623 451 2668 15.
509 2620 719 2666 Directae
769 2620 983 2666 orationis
1028 2621 1075 2665 in
1123 2619 1324 2665 relativis
1369 2615 1754 2664 enunciationibus
1800 2620 1983 2678 propria
2027 2626 2132 2664 sunt

250 2690 540 2746 simplicia
567 2690 842 2744 pronomina,
871 2696 962 2732 tam
988 2687 1337 2746 personalia,
1368 2694 1417 2731 ut
1446 2687 1582 2731 Thuc.
1612 2686 1692 2740 IV,
1723 2688 1822 2743 109,
1854 2690 1892 2734 1.
1924 2687 2130 2746 Μεγαρῆς

249 2755 307 2800 τᾶ
334 2754 479 2814 μακρὰ
506 2757 653 2811 τείχη,
684 2753 723 2799 ’ἃ
759 2757 890 2814 σφῶν
917 2756 966 2799 οἵ
992 2752 1230 2811 Ἀθηναῖοι
1265 2756 1405 2806 εἶχον,
1443 2758 1745 2814 κατέσκαψαν.
1805 2756 1869 2799 ld.
1899 2755 1956 2808 V,
1985 2754 2056 2808 73,
2087 2757 2130 2800 3.

251 2822 297 2866 οἷ
334 2818 598 2879 Ἀθηναῖοι,
641 2816 947 2876 (ὃς-ἐξέκλινεν
996 2816 1051 2878 (ὅ
1088 2818 1240 2878 Ἆγις)
1291 2818 1386 2867 ἀπὸ
1431 2824 1559 2880 σφῶν
1598 2822 1654 2867 τῦ
1697 2820 1976 2881 στράτευμα,
2027 2826 2119 2867 καθ
