2510 3271
1281 233 1318 286 4

350 390 529 434 mittunt
554 387 729 444 saltem,
758 394 811 434 ιιι
836 388 982 431 veiim
1017 384 1194 444 ποιήσω
1230 382 1345 446 ὑπὲρ
1381 387 1464 431 σοῦ
1493 390 1567 431 καὶ
1594 381 1708 444 ὑπὲρ
1746 387 1855 444 ἐμοῦ
1894 386 2031 446 (Xon.
2070 386 2238 445 Gyrop.

350 455 470 509 vm,
507 455 553 510 6,
594 456 699 511 11.),
735 454 811 499 vel
847 451 1058 498 ἐδίδοσάν
1099 467 1232 513 σφισι
1277 451 1410 508 λόγον
1452 453 1640 510 (Herod.
1660 454 1714 508 -1,
1753 454 1826 499 97.
1862 461 1908 498 ει
1944 454 2166 512 saepius),
2193 455 2241 497 id

349 535 443 567 non
467 522 518 567 in
544 520 889 567 constructionis
915 520 1102 575 rationo,
1132 521 1215 566 aed
1241 521 1291 565 in
1316 521 1501 578 propria
1527 533 1818 577 personarum
1842 522 2240 578 pronominumqne

347 594 510 634 natura
535 587 790 645 ponendum
813 592 901 642 est,
929 587 987 631 de
1012 600 1104 644 qna
1129 587 1312 645 quidem
1336 599 1389 632 re
1413 587 1611 632 nondum
1637 587 1825 644 aginnum

460 655 503 699 6.
532 654 595 697 At
615 652 728 697 illud
746 666 805 696 ex
822 654 922 709 ipsa
938 651 1183 697 reflexivae
1202 653 1544 698 constructionis
1562 659 1724 697 natura
1740 652 2025 709 repetendum
2045 652 2236 706 videtur,

348 720 469 778 quod
505 718 687 765 facilius
722 718 963 776 negligitur
1001 717 1260 764 reflexionis
1301 720 1570 777 significatio
1605 720 1655 763 in
1688 718 1985 764 remotiori
2022 731 2155 776 quam
2193 720 2239 762 in

348 787 554 844 potino
581 787 720 831 verbo
747 785 991 830 obiecto.
1050 785 1306 829 Proximum
1331 798 1547 831 vocamus
1575 786 1820 837 obiectum,
1854 786 1974 842 quod
2000 799 2082 841 per
2109 798 2240 829 accu-

348 855 544 900 sativum
569 854 709 898 verbo
736 852 1020 911 adiungitur,
1047 853 1263 898 remotius
1289 853 1408 911 quod
1435 866 1516 910 per
1551 859 1726 898 ceteros
1754 865 1890 897 casus
1929 852 2135 910 obliquos
2163 860 2241 896 ant

346 935 429 979 per
453 921 825 978 praepositiones.
882 919 982 965 Huc
1008 918 1309 974 rebrendum,
1340 920 1482 977 quod,
1520 920 1642 964 sicut
1672 919 1793 977 apud
1829 918 2078 963 Germanos
2113 920 2239 976 prius

347 995 521 1046 coepta
533 995 606 1032 est
631 988 680 1031 in
706 987 964 1032 accusativo
1000 999 1133 1044 quam
1159 987 1209 1030 in
1244 987 1398 1030 dativo
1431 986 1675 1043 significari
1709 987 2019 1044 pronominum
2054 986 2238 1030 reflexio

348 1055 462 1110 (vid.
493 1053 678 1099 Grimm.
705 1053 919 1100 deutsche
956 1053 1034 1098 Gr.
1071 1053 1192 1096 Part.
1238 1053 1272 1097 1.
1314 1068 1359 1110 p.
1394 1052 1494 1109 284.
1561 1053 1742 1097 Bekker
1769 1051 1985 1097 aasfflhrl.
2027 1053 2241 1096 deutsche

349 1122 428 1165 Gr.
458 1120 581 1165 Part.
610 1120 644 1164 1.
672 1119 713 1178 §-
744 1120 845 1165 162.
870 1134 913 1177 p.
948 1120 1089 1176 271.,)
1127 1120 1175 1163 in
1209 1118 1408 1177 genitivo
1444 1125 1593 1163 antem
1628 1132 1686 1165 ne
1722 1119 1855 1165 hodie
1891 1119 2067 1178 quidem
2100 1119 2240 1176 signi-

347 1188 532 1240 ficatur,
552 1187 642 1232 sic
679 1186 866 1239 Graeci,
909 1193 1147 1243 antequam
1188 1185 1236 1228 in
1275 1199 1410 1229 unam
1450 1184 1638 1230 formam
1674 1186 1937 1230 coaluerunt
1977 1186 2239 1242 pronomina

346 1253 604 1309 personalia
630 1266 732 1297 cum
760 1248 898 1301 αὗτός
923 1252 1231 1304 subiunctivo,
1269 1259 1319 1295 nt
1355 1266 1412 1295 ex
1439 1245 1633 1296 Homero
1668 1260 1802 1308 atque
1837 1252 2036 1296 Hesiodo
2072 1265 2236 1309 cogno-

345 1320 513 1369 scimus
527 1349 542 1373 ,
581 1332 685 1363 oum
726 1318 1133 1375 praepositionibus
1168 1317 1339 1361 assueti
1377 1315 1558 1362 fuerunt
1585 1317 1811 1375 simplicia
1849 1318 2113 1376 pronomine
2140 1331 2238 1375 per·

346 1386 521 1429 sonalia
547 1392 825 1435 construere,
850 1391 904 1426 ut
931 1384 1058 1426 Hom.
1088 1383 1211 1426 Iliad.
1244 1399 1283 1434 ε,
1305 1384 1407 1428 343.
1447 1379 1542 1427 ἀπὸ
1571 1385 1620 1427 ἕο
1650 1382 1862 1441 κάββαλεν
1894 1381 2023 1436 υἱόν,
2051 1394 2109 1444 ψ,
2135 1384 2235 1429 203.

346 1447 508 1497 κάλεόν
540 1453 593 1495 τέ
626 1467 707 1507 μιν
744 1451 807 1500 εἷς
845 1450 868 1494 ἓ
911 1450 1113 1500 ἕκαστος,
1152 1464 1255 1494 cum
1297 1449 1411 1494 alias
1451 1465 1529 1507 per
1567 1451 1764 1495 additum
1802 1452 2052 1507 pronomini
2096 1447 2237 1497 αὖτόν.

345 1518 617 1575 reciprocari
651 1518 700 1561 in
728 1531 779 1560 se
800 1528 1056 1572 personam
1091 1516 1292 1561 indicare
1327 1516 1535 1561 solerent.
1608 1518 1657 1561 ln
1685 1531 1824 1562 causa
1857 1526 1955 1571 est,
1996 1519 2114 1574 quod
2152 1518 2239 1562 hoc

347 1584 523 1627 dicendi
564 1596 727 1640 genere
765 1597 845 1640 per
879 1583 1125 1639 longiorem
1163 1583 1293 1643 quasi
1330 1583 1520 1627 actionis
1557 1583 1792 1629 circuitum
1826 1591 1874 1627 et
1909 1585 1966 1629 ob
2004 1584 2049 1628 id
2089 1584 2235 1641 ipsum

345 1652 507 1695 minori
536 1665 637 1695 cum
665 1652 712 1695 vi
742 1664 935 1707 persona
962 1650 1007 1692 in
1042 1663 1093 1693 se
1121 1650 1373 1694 retrahitur.

577 1784 638 1826 11.
684 1784 769 1827 De
815 1784 1201 1827 retransitivo
1244 1784 1746 1840 reciprocationis
1784 1796 2002 1841 genere.

456 1896 499 1939 7.
528 1894 580 1937 ln
606 1893 894 1943 retransitivo
922 1899 1072 1936 autem
1100 1906 1263 1950 genere
1292 1908 1427 1952 quum
1457 1907 1536 1938 eae
1565 1894 1789 1948 actiones,
1820 1907 2006 1951 quarum
2043 1895 2159 1939 inter
2186 1908 2238 1941 se

344 1960 625 2022 cohaerentia
666 1972 862 2018 persona
903 1959 951 2002 in
995 1972 1047 2001 se
1088 1959 1331 2004 reflectitur
1344 1990 1360 2015 ,
1409 1960 1575 2017 duplici
1621 1960 1754 2006 modo
1791 1961 1973 2017 possint
2012 1960 2237 2019 loquentis

344 2028 491 2090 animo
519 2026 767 2080 obversari,
796 2033 874 2070 aut
899 2033 951 2070 ut
978 2026 1259 2084 coniunctae,
1288 2034 1365 2070 aut
1392 2034 1443 2069 ut
1469 2026 1698 2085 singulae,
1737 2027 2042 2084 utriusque
2077 2042 2236 2085 prono·

342 2095 513 2147 minum
547 2093 728 2152 generis
764 2105 878 2140 usus
902 2092 1185 2152 permissus-
1206 2099 1290 2135 est.
1357 2093 1472 2136 Nam
1507 2094 1549 2137 εἰ
1591 2094 1921 2149 coniunguntur
1955 2094 2235 2149 cogitatione,

342 2160 663 2217 reciprocant·
648 2173 710 2203 ιιι
725 2171 778 2203 se
805 2159 948 2219 ipsam
976 2170 1233 2214 personam,
1256 2158 1308 2202 id
1337 2160 1457 2217 quod
1484 2158 1717 2205 reflexivis
1736 2160 2072 2216 pronominibus
2100 2161 2235 2219 signi·

344 2221 524 2281 ficatur‚'
548 2227 621 2270 sin
651 2226 979 2281 disiunguntur,
1010 2238 1089 2281 per
1117 2238 1169 2269 se
1196 2239 1399 2283 quaeque
1427 2228 1485 2271 ad
1523 2227 1654 2270 aliam
1682 2227 1962 2270 extrinsecus
1999 2239 2236 2282 personam

343 2299 591 2354 meeum,
620 2292 812 2351 ideoque
841 2291 1061 2351 simplicia
1088 2293 1348 2350 pronomina
1380 2293 1625 2351 requirunt.
1683 2293 1797 2338 Utro
1825 2300 1974 2337 autem
1998 2293 2129 2339 modo
2157 2309 2236 2340 eas

345 2359 580 2417 concipere
608 2359 755 2410 animo
782 2364 994 2418 praestet,
1023 2359 1138 2417 ipsa,
1169 2373 1258 2419 qna
1285 2360 1400 2404 iuter
1427 2373 1478 2406 se
1508 2361 1773 2407 coniunctae
1798 2366 1922 2414 sunt,
1949 2361 2063 2406 ratio
2091 2361 2235 2408 docet.

345 2427 447 2477 Quo
473 2428 592 2472 enim
608 2426 789 2487 ,arctim
815 2433 896 2471 aut
920 2429 1050 2484 ipsae
1076 2427 1276 2471 actiones
1303 2434 1464 2472 natura
1499 2441 1586 2472 sna
1621 2429 1738 2472 inter
1773 2441 1825 2472 se
1862 2427 2120 2482 cohaerent,
2157 2438 2235 2474 aut

342 2495 497 2547 verba,
529 2493 692 2552 quihus
710 2493 1013 2551 designantur,
1043 2493 1258 2539 orationis
1277 2495 1595 2552 compositione
1622 2494 1901 2553 copulantur,
1930 2507 1984 2539 eo
2012 2497 2155 2554 magis
2177 2498 2235 2540 ad

343 2559 782 2618 comprehendendas
810 2573 892 2603 eas
919 2562 1187 2619 cogitatione
1214 2561 1280 2614 is,
1309 2562 1387 2619 qui
1412 2561 1637 2620 loquitur,
1649 2561 1921 2616 inclinabit,
1961 2556 2050 2620 ¹quo
2086 2569 2234 2607 autem

342 2627 518 2681 laxius,
560 2640 615 2672 eo
652 2627 710 2672 ad
752 2625 1076 2685 disiungendas
1113 2627 1380 2685 propensior
1413 2628 1512 2674 erit.
1565 2628 1652 2673 His
1692 2629 1868 2675 duabus
1909 2629 2065 2687 igitar
2078 2629 2232 2684 rebus,

344 2694 647 2739 verborum
685 2694 1119 2738 construetione
1154 2701 1201 2742 et
1237 2695 1525 2740 actionum
1562 2695 1715 2750 inter
1750 2706 1803 2741 se
1840 2695 2231 2751 cohaerentia,

345 2760 402 2816 is,
432 2763 488 2806 de
514 2767 605 2820 quo
633 2753 902 2818 quaerimus,
931 2759 1244 2828 pronominum
1270 2775 1382 2808 usus
1408 2762 1726 2812 retransitivus
1749 2763 2011 2810 continetur.
